@article{trozzi2021umap,
  title={UMAP as a dimensionality reduction tool for molecular dynamics simulations of biomacromolecules: a comparison study},
  author={Trozzi, Francesco and Wang, Xinlei and Tao, Peng},
  journal={The Journal of Physical Chemistry B},
  volume={125},
  number={19},
  pages={5022--5034},
  year={2021},
  publisher={ACS Publications}
}

@inproceedings{wang2012entropy,
  title={Entropy based locality sensitive hashing},
  author={Wang, Qiang and Guo, Zhiyuan and Liu, Gang and Guo, Jun},
  booktitle={2012 IEEE International Conference on Acoustics, Speech and Signal Processing (ICASSP)},
  pages={1045--1048},
  year={2012},
  organization={IEEE}
}